@book{marek,
    AUTHOR = {Marek Capi{\~n}ski and Tomasz Zastawniak},
     TITLE = {Mathematics for Finance : An Introduction to Financial Engineering},
    SERIES = {Second Edition},
 PUBLISHER = {Springer Undergraduate Mathematics Series},
   ADDRESS = {New York},
      YEAR = {2010},
     PAGES = {xiii+336},
}

@book{david,
    AUTHOR = {David G. Luenberger},
     TITLE = {Investment Science},
    SERIES = {Second Edition},
 PUBLISHER = {Oxford University Press},
   ADDRESS = {New York},
      YEAR = {2013},
     PAGES = {xiii+604},
}

@book{jaksa,
    AUTHOR = {Jak{\~s}a Cvitanic and Fernando Zapatero},
     TITLE = {Introduction to the Economics and Mathematics of Financial Markets},
    SERIES = {First Edition},
 PUBLISHER = {The MIT Press},
   ADDRESS = {London},
      YEAR = {2004},
     PAGES = {xiii+487},
}